@BOOK{tihonov,
author = "Тихонов, А. Н.  Арсенин, В. Я.",
title = "Методы решения некорректных задач",
address = "М.",
publisher = "Наука",
year = 1979,
language = "russian"
}
@ARTICLE{turchin,
author = "Турчин, В. Ф.  Нозик, В. З. ",
title = "Статистическая регуляризация решения некорректных задач",
year = 1969,
journal = "Физика атмосферы и океана"
}
@PHDTHESIS{turovceva,
author = "Туровцева, Л. С.",
title = "Решение некоторых обратных задач физики атмосферы методом статистической регуляризации",
note = "дис. ... канд. физ.-мат. наук",
year = 1973,
address = "Москва",
language = "russian"
}
@MISC{review1,
author = "Georgios Choudalakis",
title = "Fully Bayesian Unfolding",
year = 2012,
month = "January",
note = "arXiv:1201.4612v4"
}
@MISC{rev2009,
author = "Johnathan M. Bradsley and John Goldes",
title = "Regularization Parameter Selection Methods for Ill-Posed Poisson Maximum Likelihood Estimation",
year = 2009
} 
@MISC{rev:emper,
author = "Mikael Kuusela, Victor M. Panaretos",
title = "Emperical Bayes unfolding of elementary particle spectra at the Large Hadron Collider",
year = 2014,
month = "January",
note = "arXiv:1401.8274v1"
} 
@ARTICLE{rev1972,
author = "William Hadley Richardson",
title = "Bayesian-Based Iterative Method of Image Restoration",
journal = "Journal of the Optical Society of America",
year = 1972,
month = "January",
volume = 62,
number = 1
} 
@ARTICLE{rev1985a,
author = "Vardy, Y. and Shepp, L. A. and Kaufman L.",
title = "Statistical Model for Positron Emission Tomography",
journal = "Journal of the American Statistical Association",
year = 1985,
month = "March",
volume = 80,
number = 389
} 
@MISC{rev1985b,
author = "Stuart Geman and Donald E. Mc.Clure",
title = "Bayesian Image Analysis: An Application to Single Photon Emission Tomography",
year = 1985
} 
@ARTICLE{rev1995,
author = "D\'Agostini, G.",
title = "Statistical Model for Positron Emission Tomography",
journal = "Nuclear Instruments and Methods in Physics Research",
year = 1995,
month = "March"
}
@MISC{numass,
author = "Abdurashitov, D. N. and Belesev, A. I. and Chernov, V. G. and Geraskin, E. V. and Golubev, A. A. and Koroteev, G. A.  and Nozik, A. A. and Pantuev, V. S. and Parfenov, V. I. and Skasyrskaya, A. K. and Zadorozhny, S. V.",
title = "Electron scattering on hydrogen and deuterium molecules at 14-25 keV by the Troitsk nu-mass experiment",
year = 2016,
month = "March",
note = "arXiv:1603.04243v1"
}
@BOOK{chernov,
author = "Чернов, Г.  Мозес, Л.",
title = "Элементарная теория статистических решений",
address = "М.",
publisher = "Советское радио",
year = 1962,
language = "russian"
}